@inproceedings{thomas2018general,
  title={A General Reactive Algorithm for Redirected Walking Using Artificial Potential Functions},
  author={Thomas, Jerald and Suma Rosenberg, Evan},
  booktitle={2019 IEEE Conference on Virtual Reality and 3D User Interfaces (VR)},
  pages={},
  year={2019},
  organization={IEEE}
}

@inproceedings{razzaque2001redirected,
  title={Redirected walking},
  author={Razzaque, Sharif and Kohn, Zachariah and Whitton, Mary C},
  booktitle={Proceedings of EUROGRAPHICS},
  volume={9},
  pages={105--106},
  year={2001},
  organization={Citeseer}
}

@book{razzaque2005redirected,
  title={Redirected walking},
  author={Razzaque, Sharif},
  year={2005},
  publisher={University of North Carolina at Chapel Hill}
}

@inproceedings{usoh1999walking,
  title={Walking> walking-in-place> flying, in virtual environments},
  author={Usoh, Martin and Arthur, Kevin and Whitton, Mary C and Bastos, Rui and Steed, Anthony and Slater, Mel and Brooks Jr, Frederick P},
  booktitle={Proceedings of the 26th annual ACM SIGGRAPH},
  pages={359--364},
  year={1999},
  organization={ACM Press/Addison-Wesley Publishing Co.}
}

@incollection{ruddle2013effect,
  title={The effect of translational and rotational body-based information on navigation},
  author={Ruddle, Roy A},
  booktitle={Human walking in virtual environments},
  pages={99--112},
  year={2013},
  publisher={Springer}
}

@inproceedings{ayanian2011synthesis,
  title={Synthesis of feedback controllers for multiple aerial robots with geometric constraints},
  author={Ayanian, Nora and Kallem, Vinutha and Kumar, Vijay},
  booktitle={2011 IEEE/RSJ International Conference on Intelligent Robots and Systems},
  pages={3126--3131},
  year={2011},
  organization={IEEE}
}

@article{lozano1983spatial,
  title={Spatial planning: A configuration space approach},
  author={Lozano-Perez, Tomas},
  journal={IEEE trans. on computers},
  volume={100},
  number={2},
  pages={108--120},
  year={1983},
  publisher={IEEE}
}

@inproceedings{azmandian2017twouser,
  title={An Evaluation of Strategies for Two User Redirected Walking in Shared Physical Spaces},
  author={Azmandian, Mahdi and Grechkin, Tim and Suma Rosenberg, Evan},
  booktitle={2017 IEEE VR},
  year={2017},
  organization={IEEE}
}

@phdthesis{holm2012collision,
  title={Collision Prediction and Prevention in a Simultaneous Multi-User Immersive Virtual Environment},
  author={Holm, Jeannette E},
  year={2012},
  school={Miami University}
}

@article{rimon1992exact,
  title={Exact robot navigation using artificial potential functions},
  author={Rimon, Elon and Koditschek, Daniel E},
  journal={IEEE Transactions on robotics and automation},
  volume={8},
  number={5},
  pages={501--518},
  year={1992},
  publisher={IEEE}
}

@incollection{khatib1986potential,
  title={The potential field approach and operational space formulation in robot control},
  author={Khatib, Oussama},
  booktitle={Adaptive and Learning Systems},
  pages={367--377},
  year={1986},
  publisher={Springer}
}

@article{steinicke2010estimation,
  title={Estimation of detection thresholds for redirected walking techniques},
  author={Steinicke, Frank and Bruder, Gerd and Jerald, Jason and Frenz, Harald and Lappe, Markus},
  journal={IEEE Transactions on Visualization and Computer Graphics},
  volume={16},
  number={1},
  pages={17--27},
  year={2010},
  publisher={IEEE}
}

@inproceedings{azmandian2016redirected,
	author = {M. Azmandian and T. Grechkin and M. Bolas and E. Suma},
	title = {The {R}edirected {W}alking {T}oolkit: {A} Unified Development and Deployment Platform for Exploring Large Virtual Environments},
	booktitle = {IEEE VR Workshop on Everyday VR},
	year = {2016},
	url = {http://people.ict.usc.edu/~suma/papers/azmandian-wevr2016.pdf}
}

@inproceedings{azmandian2015physical,
  title={Physical Space Requirements for Redirected Walking: How Size and Shape Affect Performance.},
  author={Azmandian, Mahdi and Grechkin, Timofey and Bolas, Mark T and Suma, Evan A},
  booktitle={ICAT-EGVE},
  pages={93--100},
  year={2015}
}

@inproceedings{hirt2018geometry,
  title={Geometry Extraction for Ad Hoc Redirected Walking Using a SLAM Device},
  author={Hirt, Christian and Zank, Markus and Kunz, Andreas},
  booktitle={International Conference on Augmented Reality, Virtual Reality and Computer Graphics},
  pages={35--53},
  year={2018},
  organization={Springer}
}

@inproceedings{chen2018redirected,
  title={Redirected Walking Strategies in Irregularly Shaped and Dynamic Physical Environments},
  author={Chen, Haiwei and Chen, Samantha and Rosenberg, Evan Suma},
  booktitle={25th IEEE Conference on Virtual Reality and 3D User Interfaces (VR'18). Workshop on Everyday Virtual Reality},
  year={2018}
}

@article{hodgson2013comparing,
  title={Comparing four approaches to generalized redirected walking: Simulation and live user data},
  author={Hodgson, Eric and Bachmann, Eric},
  journal={IEEE transactions on visualization and computer graphics},
  volume={19},
  number={4},
  pages={634--643},
  year={2013},
  publisher={IEEE}
}

@inproceedings{nescher2014planning,
  title={Planning redirection techniques for optimal free walking experience using model predictive control},
  author={Nescher, Thomas and Huang, Ying-Yin and Kunz, Andreas},
  booktitle={3D User Interfaces (3DUI), 2014 IEEE Symposium on},
  pages={111--118},
  year={2014},
  organization={IEEE}
}

@article{zmuda2013optimizing,
  title={Optimizing constrained-environment redirected walking instructions using search techniques},
  author={Zmuda, Michael A and Wonser, Joshua L and Bachmann, Eric R and Hodgson, Eric},
  journal={IEEE transactions on visualization and computer graphics},
  volume={19},
  number={11},
  pages={1872--1884},
  year={2013},
  publisher={IEEE}
}

@incollection{khatib1986real,
  title={Real-time obstacle avoidance for manipulators and mobile robots},
  author={Khatib, Oussama},
  booktitle={Autonomous robot vehicles},
  pages={396--404},
  year={1986},
  publisher={Springer}
}

@inproceedings{suma2012taxonomy,
  title={A taxonomy for deploying redirection techniques in immersive virtual environments},
  author={Suma, Evan A and Bruder, Gerd and Steinicke, Frank and Krum, David M and Bolas, Mark},
  booktitle={Virtual Reality Short Papers and Posters (VRW), 2012 IEEE},
  pages={43--46},
  year={2012},
  organization={IEEE}
}

@inproceedings{grechkin2016revisiting,
  title={Revisiting detection thresholds for redirected walking: combining translation and curvature gains},
  author={Grechkin, Timofey and Thomas, Jerald and Azmandian, Mahdi and Bolas, Mark and Suma, Evan},
  booktitle={Proceedings of the ACM Symposium on Applied Perception},
  pages={113--120},
  year={2016},
  organization={ACM}
}

@article{neth2012velocity,
  title={Velocity-dependent dynamic curvature gain for redirected walking},
  author={Neth, Christian T and Souman, Jan L and Engel, David and Kloos, Uwe and Bulthoff, Heinrich H and Mohler, Betty J},
  journal={IEEE Transactions on Visualization and Computer Graphics},
  volume={18},
  number={7},
  pages={1041--1052},
  year={2012},
  publisher={IEEE}
}

@inproceedings{simeone2015substitutional,
  title={Substitutional reality: Using the physical environment to design virtual reality experiences},
  author={Simeone, Adalberto L and Velloso, Eduardo and Gellersen, Hans},
  booktitle={Proceedings of the 33rd Annual ACM Conference on Human Factors in Computing Systems},
  pages={3307--3316},
  year={2015},
  organization={ACM}
}

@article{simeone2017altering,
  title={Altering user movement behaviour in virtual environments},
  author={Simeone, Adalberto L and Mavridou, Ifigeneia and Powell, Wendy},
  journal={IEEE transactions on visualization and computer graphics},
  volume={23},
  number={4},
  pages={1312--1321},
  year={2017},
  publisher={IEEE}
}

@inproceedings{sra2016procedurally,
  title={Procedurally generated virtual reality from 3D reconstructed physical space},
  author={Sra, Misha and Garrido-Jurado, Sergio and Schmandt, Chris and Maes, Pattie},
  booktitle={Proceedings of the 22nd ACM Conference on Virtual Reality Software and Technology},
  pages={191--200},
  year={2016},
  organization={ACM}
}

@inproceedings{vasylevska2013flexible,
  title={Flexible spaces: Dynamic layout generation for infinite walking in virtual environments},
  author={Vasylevska, Khrystyna and Kaufmann, Hannes and Bolas, Mark and Suma, Evan A},
  booktitle={3D user interfaces (3DUI), 2013 IEEE Symposium on},
  pages={39--42},
  year={2013},
  organization={IEEE}
}

@incollection{vasylevska2015walking,
  title={Walking in virtual reality: flexible spaces and other techniques},
  author={Vasylevska, Khrystyna and Podkosova, Iana and Kaufmann, Hannes},
  booktitle={The Visual Language of Technique},
  pages={81--97},
  year={2015},
  publisher={Springer}
}

@article{sun2016mapping,
  title={Mapping virtual and physical reality},
  author={Sun, Qi and Wei, Li-Yi and Kaufman, Arie},
  journal={ACM Transactions on Graphics (TOG)},
  volume={35},
  number={4},
  pages={64},
  year={2016},
  publisher={ACM}
}

@article{nilsson201815,
  title={15 Years of Research on Redirected Walking in Immersive Virtual Environments},
  author={Nilsson, Niels Christian and Peck, Tabitha and Bruder, Gerd and Hodgson, Eri and Serafin, Stefania and Whitton, Mary and Steinicke, Frank and Rosenberg, Evan Suma},
  journal={IEEE computer graphics and applications},
  volume={38},
  number={2},
  pages={44--56},
  year={2018},
  publisher={IEEE}
}

@inproceedings{grechkin2015towards,
  title={Towards context-sensitive reorientation for real walking in virtual reality},
  author={Grechkin, Timofey and Azmandian, Mahdi and Bolas, Mark and Suma, Evan},
  booktitle={Virtual Reality (VR), 2015 IEEE},
  pages={185--186},
  year={2015},
  organization={IEEE}
}

@article{peck2009evaluation,
  title={Evaluation of Reorientation Techniques and Distrators for Walking in Large Virtual Environments},
  author={Peck, Tabitha C and Fuchs, Henry and Whitton, Mary C},
  journal={IEEE Transactions on Visualization and Computer Graphics},
  volume={15},
  number={3},
  pages={383},
  year={2009},
  publisher={NIH Public Access}
}

@article{suma2012impossible,
  title={Impossible spaces: Maximizing natural walking in virtual environments with self-overlapping architecture},
  author={Suma, Evan A and Lipps, Zachary and Finkelstein, Samantha and Krum, David M and Bolas, Mark},
  journal={IEEE Transactions on Visualization and Computer Graphics},
  volume={18},
  number={4},
  pages={555--564},
  year={2012},
  publisher={IEEE}
}

@inproceedings{hutton2018individualized,
  title={Individualized Calibration of Rotation Gain Thresholds for Redirected Walking},
  author={Hutton, C. and Ziccardi, S. and Medina, J. and Suma Rosenberg, E.},
  booktitle={ICAT-EGVE},
  pages={},
  year={2018}
}

@article{langbehn2018blink,
  title={In the blink of an eye: leveraging blink-induced suppression for imperceptible position and orientation redirection in virtual reality},
  author={Langbehn, Eike and Steinicke, Frank and Lappe, Markus and Welch, Gregory F and Bruder, Gerd},
  journal={ACM Transactions on Graphics (TOG)},
  volume={37},
  number={4},
  pages={66},
  year={2018},
  publisher={ACM}
}

@inproceedings{nguyen2018discrete,
  title={Discrete Rotation During Eye-Blink},
  author={Nguyen, Anh and Inhelder, Marc and Kunz, Andreas},
  booktitle={International Conference on Augmented Reality, Virtual Reality and Computer Graphics},
  pages={183--189},
  year={2018},
  organization={Springer}
}

@article{sun2018towards,
  title={Towards virtual reality infinite walking: dynamic saccadic redirection},
  author={Sun, Qi and Patney, Anjul and Wei, Li-Yi and Shapira, Omer and Lu, Jingwan and Asente, Paul and Zhu, Suwen and McGuire, Morgan and Luebke, David and Kaufman, Arie},
  journal={ACM Transactions on Graphics (TOG)},
  volume={37},
  number={4},
  pages={67},
  year={2018},
  publisher={ACM}
}

@inproceedings{suma2011leveraging,
  title={Leveraging change blindness for redirection in virtual environments},
  author={Suma, Evan A and Clark, Seth and Krum, David and Finkelstein, Samantha and Bolas, Mark and Warte, Zachary},
  booktitle={Virtual Reality Conference (VR), 2011 IEEE},
  pages={159--166},
  year={2011},
  organization={IEEE}
}

@incollection{dichgans1978visual,
  title={Visual-vestibular interaction: Effects on self-motion perception and postural control},
  author={Dichgans, Johannes and Brandt, Thomas},
  booktitle={Perception},
  pages={755--804},
  year={1978},
  publisher={Springer}
}

@article{bachmann2019multi,
  title={Multi-User Redirected Walking and Resetting Using Artificial Potential Fields},
  author={Bachmann, Eric R and Hodgson, Eric and Hoffbauer, Cole and Messinger, Justin},
  journal={IEEE transactions on visualization and computer graphics},
  year={2019},
  publisher={IEEE}
}

@phdthesis{azmandian2018design,
  title={Design and Evaluation of Adaptive Redirected Walking Systems},
  author={Azmandian, Mahdi},
  year={2018},
  school={University of Southern California}
}

@phdthesis{insko2001passive,
  title={Passive haptics significantly enhances virtual environments},
  author={Insko, Brent Edward and Meehan, M and Whitton, M and Brooks, F},
  year={2001},
  school={University of North Carolina at Chapel Hill}
}

@inproceedings{messinger2019effects,
  title={Effects of Tracking Area Shape and Size on Artificial Potential Field Redirected Walking},
  author={Messinger, Justin and Hodgson, Eric and Bachmann, Eric},
  booktitle={Virtual Reality Conference (VR), 2019 IEEE},
  pages={},
  year={2019},
  organization={IEEE}
}

@inproceedings{slater1993presence,
  title={Presence in immersive virtual environments},
  author={Slater, Mel and Usoh, Martin},
  booktitle={Proceedings of IEEE Virtual Reality Annual International Symposium},
  pages={90--96},
  year={1993},
  organization={IEEE}
}

@article{slater1994depth,
  title={Depth of presence in virtual environments},
  author={Slater, Mel and Usoh, Martin and Steed, Anthony},
  journal={Presence: Teleoperators \& Virtual Environments},
  volume={3},
  number={2},
  pages={130--144},
  year={1994},
  publisher={MIT Press}
}